
@article{dm79,
  author  = {Nachum Dershowitz and Zohar Manna},
  title   = {{Proving Termination with Multiset Orderings}},
  journal = {Commun. {ACM}},
  volume  = {22},
  number  = {8},
  pages   = {465--476},
  year    = {1979},
  url     = {https://citeseerx.ist.psu.edu/viewdoc/download?doi=10.1.1.404.2715&rep=rep1&type=pdf},
  doi     = {10.1145/359138.359142}
}

@book{girard1989,
  author  = {J.-Y. Girard and P. Taylor and Y. Lafont},
  title   = {{Proofs and Types}},
  year    = {1989},
  address = {New York, NY, USA},
  url     = {https://www.paultaylor.eu/stable/prot.pdf}
}


@dissertation{girard72,
  author      = {J.-Y. Girard},
  title       = {Interpr\'etation fonctionnelle et \'elimination des coupures de l'arithm\'etique d'ordre sup\'erieur},
  institution = {Universit\'e Paris VII},
  year        = {1972},
  url         = {https://www.cs.cmu.edu/afs/cs.cmu.edu/user/kw/www/scans/girard72thesis.pdf}
}


@article{rabern2016,
  author  = {Brian Rabern},
  title   = {{The History of the Use of {$[\negthinspace[.]\negthinspace]$}-Notation in Natural Language Semantics}},
  journal = {Semantics and Pragmatics},
  volume  = {9},
  number  = {12},
  year    = {2016},
  doi     = {10.3765/sp.9.12}
}


@article{tait67,
  author    = {W. W. Tait},
  title     = {{Intensional Interpretations of Functionals of Finite Type I}},
  journal   = {The Journal of Symbolic Logic},
  doi       = {10.2307/2271658},
  url       = {http://www.jstor.org/stable/2271658},
  number    = {2},
  pages     = {198--212},
  publisher = {Association for Symbolic Logic},
  volume    = {32},
  year      = {1967}
}
